@article{whitesides1992,
  author = {Manoj K. Chaudhury and George M. Whitesides},
  journal = {Science},
  volume = {256},
  pages = {1539--1541},  
  year = {1992},
}

@article{velev2012,
  author = {Rachita Sharma and Suk Tai Chang and Orlin D. Velev},
  journal = {Langmuir},
  volume = {28},
  pages = {10128--10135},  
  year = {2012},
}

@article{herminghaus2011,
  author = {Shashi Thutupalli and Ralf Seemann and Stephan Herminghaus},
  journal = {New Journal of Physics},
  volume = {13},
  number = {073021}, 
  year = {2011},
}

@article{nakata2001,
  author = {Masahiro I. Kohira and Yuko Hayashima and Masaharu Nagayama and Satoshi Nakata},
  journal = {Langmuir},
  volume = {17},
  pages = {7124--7129},  
  year = {2001},
}

@article{mysels1986,
  author = {Karol J. Mysels},
  journal = {Langmuir},
  volume = {2},
  pages = {423--428},  
  year = {1986},
}

@proceedings{napolitano1979,
  author = {L. G. Napolitano},
  title = {Marangoni Boundary Layers},
  volume = {SP-142},
  address = {ESA, Grenoble},
  organization = {Proceedings of 3rd European Symposium on Material Sciences in Space},
  pages = {349--358},
  year = {1979},
}


