@article{Vella2006,
  author = {Vella, D. and Kim, H.-Y. and Aussillous, P. and Mahadevan, L.},
  journal = {Phys. Rev. Lett.},
  volume = {96},
  pages = {178301},  
  year = {2006},
}

@article{Vella2004,
  author = {Vella, D. and Aussillous, P. and Mahadevan, L.},
  journal = {Europhys. Lett.},
  volume = {68},
  pages = {212},  
  year = {2004},
}

@article{Varshney2012,
  author = {Varshney, A. and Sane, A. and Ghosh, S. and Bhattacharya, S.},
  journal = {Phys. Rev. E.},
  volume = {86},
  pages = {031402},  
  year = {2012},
}

@article{Vella2005,
  author = {Vella, D. and Mahadevan, L.},
  journal = {Am. J. Phys.},
  volume = {73},
  pages = {817},  
  year = {2005},
}

@article{Hayashima2001,
  author = {Hayashima, Y. and Nagayama, M. and Nakata, S.},
  journal = {J. Phys. Chem. B},
  volume = {105},
  pages = {5353},  
  year = {2001},
}

@article{Suematsu2010,
  author = {Suematsu, N. J. and Ikura, Y. and Nagayama, M. and Kitahata, H. and Kawagishi, N. and Murakami, M. and Nakata, S.},
  journal = {J. Phys. Chem. B},
  volume = {114},
  pages = {9876},  
  year = {2010},
}

@article{Jin2012,
  author = {Jin, H. and Marmur, A. and Ikkala, O. and Ras, R. H. A.},
  journal = {Chem. Sci.},
  volume = {3},
  pages = {2526},  
  year = {2012},
}

@book{Strogatz2001,
   author = {Strogatz, S. H.},
   title = {Nonlinear Dynamics and Chaos},
   publisher = {Westview Press, 1st Ed.},
   year = {2001}
}

@book{Heyde1686,
   author = {Heyde},
   editor = {},
   title = {Centuria Observationum Medicarum},
   publisher = {Amsterdam},
   year = {1686}
}

@book{Volta1787,
   author = {Volta, A.},
   title = {Delectus Opusculorum Medicorum},
   publisher = {Ticini},
   year = {1787}
}

@book{Mensbrugghe1869,
  title={Sur la tension superficielle des liquides consid{\'e}r{\'e}e au point de vue de certains mouvements observ{\'e}s {\`a} leur surface},
  author={Van der Mensbrugghe, G. L.},
  volume={1},
  year={1869},
  publisher={Hayez}
}

@article{Nakata1997,
  author = {Nakata, S. and Iguchi, Y. and Kuboyama, M. and Ishii, T. and Yoshikawa, K.},
  journal = {Langmuir},
  volume = {13},
  pages = {4454},  
  year = {1997},
}

@article{Jenkins2013,
  author = {Jenkins, A.},
  journal = {Phys. Rep.},
  volume = {525},
  pages = {167},  
  year = {2013},
}

@article{Lauga2012,
  author = {Lauga, E. and Davis, A. M. J.},
  journal = {J. Fluid Mech.},
  volume = {705},
  pages = {120},  
  year = {2012},
}

@article{Ramaswamy2010,
  author = {Ramaswamy, S.},
  journal = {Annu. Rev. Condens. Matter Phys.},
  volume = {1},
  pages = {323},  
  year = {2010},
}

@article{Biot1801,
  author = {Biot, G.-B.},
  journal = {Bull. des Sci. par la Soc. Philomatique},
  volume = {54},
  pages = {42},  
  year = {1801},
}

@article{Venturi1797,
  author = {Venturi, G. B.},
  journal = {Ann. de Chimie},
  volume = {21},
  pages = {262},  
  year = {1797},
}

@article{Soh2008,
  author = {Soh, S. and Bishop, K. J. M. and Grzybowski, B. A.},
  journal = {J. Phys. Chem.},
  volume = {112},
  pages = {10848},  
  year = {2008},
}

@article{Rayleigh1889,
  author = {Lord Rayleigh},
  journal = {Proc. Roy. Soc. Lond.},
  volume = {47},
  pages = {364},  
  year = {1889},
}

@article{Tomlinson1869,
  author = {Tomlinson, C.},
  journal = {Phil. Mag.},
  volume = {38},
  number = {},
  pages = {409},  
  year = {1869},
}

@article{Ismagilov2002,
  author = {Ismagilov, R. F. and Schwartz, A. S. and Bowden, N. and Whitesides, G. M.},
  journal = {Science},
  volume = {256},
  pages = {1539--1541},  
  year = {1992},
}

@article{Geryak2014,
  author = {Geryak, R. and Tsukruk, V. V.},
  journal = {Soft Matter},
  volume = {10},
  pages = {1246},  
  year = {2014},
}

@article{Whitesides1992,
  author = {Manoj K. Chaudhury and George M. Whitesides},
  journal = {Angewandte Chemie},
  volume = {41},
  pages = {652},  
  year = {2002},
}

@article{velev2012,
  author = {Sharma, R. and Chang, S. T. and Velev, O. D.},
  journal = {Langmuir},
  volume = {28},
  pages = {10128--10135},  
  year = {2012},
}

@article{herminghaus2011,
  author = {Shashi Thutupalli and Ralf Seemann and Stephan Herminghaus},
  journal = {New Journal of Physics},
  volume = {13},
  number = {073021}, 
  year = {2011},
}

@article{nakata2001,
  author = {Masahiro I. Kohira and Yuko Hayashima and Masaharu Nagayama and Satoshi Nakata},
  journal = {Langmuir},
  volume = {17},
  pages = {7124--7129},  
  year = {2001},
}

@article{mysels1986,
  author = {Karol J. Mysels},
  journal = {Langmuir},
  volume = {2},
  pages = {423},  
  year = {1986},
}

@proceedings{napolitano1979,
  author = {L. G. Napolitano},
  title = {Marangoni Boundary Layers},
  volume = {SP-142},
  address = {ESA, Grenoble},
  organization = {Proceedings of 3rd European Symposium on Material Sciences in Space},
  pages = {349--358},
  year = {1979},
}

@book{atkins2014,
   author = {Atkins, P. and De Paula, J.},
   title = {Physical Chemistry},
   publisher = {Oxford University Press, 10th revised ed.; Chapter 20},
   pages = {827},
   year = {2014},
   type = {Book},
}

@article{ohnesorge1936,
  author = {Wolfgang Von Ohnesorge},
  journal = {Z. angew. Math. Mech.},
  volume = {16},
  pages = {355--358},  
  year = {1936},
}

@article{robin2012,
  author = {Hua Jin and Abraham Marmur and Olli Ikkala and Robin H. A. Ras},
  journal = {Chemical Science},
  volume = {3},
  pages = {2526--2529},  
  year = {2012},
}

@article{pumera2011,
  author = {Guanjia Zhao and Emma J. E. Stuart and Martin Pumera},
  journal = {Phys. Chem. Chem. Phys.},
  volume = {13},
  pages = {12755--12757},  
  year = {2011},
}

@article{antoine2014,
  author = {Veronique Pimienta and Charles Antoine},
  journal = {Current Opinion in Colloid and Interface Science},
  volume = {19},
  pages = {290--299},  
  year = {2014},
}

@article{troian1998,
  author = {Anne D. Dussaud and Sandra M. Troian},
  journal = {Physics of Fluids},
  volume = {10},
  pages = {23--38},  
  year = {1998},
}

@article{mahadevan2011,
  author = {Mahesh M. Bandi and T. Tallinen and L. Mahadevan},
  journal = {Europhysics Letters},
  volume = {96},
  number = {36008},  
  year = {2011},
}

@article{jensen1995,
  author = {O. E. Jensen},
  journal = {Journal of Fluid Mechanics},
  volume = {293},
  pages = {349--378},  
  year = {1995},
}

@article{nudurupati2009,
  author = {Pushpendra Singh and Daniel D. Jospeh and Sathish K. Gurupatham and Bhavin Dalal and Sai Nudurupati},
  journal = {Proceedings of the National Academy of Sciences},
  volume = {106},
  number = {47},
  pages = {19761--19764},  
  year = {2009},
}

