@book{volta1787,
   author = {Alessandro Volta},
   editor = {Johann Peter Frank},
   title = {Delectus Opusculorum Medicorum},
   publisher = {Ticini, 1787},
}

@book{mensbrugghe1869,
   author = {G. Van der Mensbrugghe},
   title = {Permier Memoire},
   publisher = {Royal Academy of Belgium},
   volume = {34},
   year = {1869},
}

@article{rayleigh1889,
  author = {Lord Rayleigh},
  journal = {Proceedings of the Royal Society of London},
  volume = {47},
  pages = {364--367},  
  year = {1889},
}

@article{tomlinson1869,
  author = {Charles Tomlinson},
  journal = {Philosophical Magazine Series 4},
  volume = {38},
  number = {257},
  pages = {409--424},  
  year = {1869},
}

@article{whitesides1992,
  author = {Manoj K. Chaudhury and George M. Whitesides},
  journal = {Science},
  volume = {256},
  pages = {1539--1541},  
  year = {1992},
}

@article{velev2012,
  author = {Rachita Sharma and Suk Tai Chang and Orlin D. Velev},
  journal = {Langmuir},
  volume = {28},
  pages = {10128--10135},  
  year = {2012},
}

@article{herminghaus2011,
  author = {Shashi Thutupalli and Ralf Seemann and Stephan Herminghaus},
  journal = {New Journal of Physics},
  volume = {13},
  number = {073021}, 
  year = {2011},
}

@article{nakata2001,
  author = {Masahiro I. Kohira and Yuko Hayashima and Masaharu Nagayama and Satoshi Nakata},
  journal = {Langmuir},
  volume = {17},
  pages = {7124--7129},  
  year = {2001},
}

@article{mysels1986,
  author = {Karol J. Mysels},
  journal = {Langmuir},
  volume = {2},
  pages = {423--428},  
  year = {1986},
}

@proceedings{napolitano1979,
  author = {L. G. Napolitano},
  title = {Marangoni Boundary Layers},
  volume = {SP-142},
  address = {ESA, Grenoble},
  organization = {Proceedings of 3rd European Symposium on Material Sciences in Space},
  pages = {349--358},
  year = {1979},
}

@book{atkins2014,
   author = {Atkins, P. and De Paula, J.},
   title = {Physical Chemistry},
   publisher = {Oxford University Press, 10th revised ed.; Chapter 20},
   pages = {827},
   year = {2014},
   type = {Book},
}

@article{ohnesorge1936,
  author = {Wolfgang Von Ohnesorge},
  journal = {Z. angew. Math. Mech.},
  volume = {16},
  pages = {355--358},  
  year = {1936},
}

@article{robin2012,
  author = {Hua Jin and Abraham Marmur and Olli Ikkala and Robin H. A. Ras},
  journal = {Chemical Science},
  volume = {3},
  pages = {2526--2529},  
  year = {2012},
}

@article{lauga2012,
  author = {Eric Lauga and Anthony M. J. Davis},
  journal = {Journal of Fluid Mechanics},
  volume = {705},
  pages = {120--133},  
  year = {2012},
}
@article{pumera2011,
  author = {Guanjia Zhao and Emma J. E. Stuart and Martin Pumera},
  journal = {Phys. Chem. Chem. Phys.},
  volume = {13},
  pages = {12755--12757},  
  year = {2011},
}

@article{antoine2014,
  author = {Veronique Pimienta and Charles Antoine},
  journal = {Current Opinion in Colloid and Interface Science},
  volume = {19},
  pages = {290--299},  
  year = {2014},
}

@article{troian1998,
  author = {Anne D. Dussaud and Sandra M. Troian},
  journal = {Physics of Fluids},
  volume = {10},
  pages = {23--38},  
  year = {1998},
}

@article{mahadevan2011,
  author = {Mahesh M. Bandi and T. Tallinen and L. Mahadevan},
  journal = {Europhysics Letters},
  volume = {96},
  number = {36008},  
  year = {2011},
}

@article{jensen1995,
  author = {O. E. Jensen},
  journal = {Journal of Fluid Mechanics},
  volume = {293},
  pages = {349--378},  
  year = {1995},
}

@article{nudurupati2009,
  author = {Pushpendra Singh and Daniel D. Jospeh and Sathish K. Gurupatham and Bhavin Dalal and Sai Nudurupati},
  journal = {Proceedings of the National Academy of Sciences},
  volume = {106},
  number = {47},
  pages = {19761--19764},  
  year = {2009},
}
