@misc{note1,
  note = "All the moments of the Cauchy distribution are undefined \cite{Levy}"
}

@misc{note2,
  note = "This does not apply for Ireland since its grid is isolated from mainland Europe"
}

@misc{note3,
  note = "One can define power as $p(t) \equiv A\vec{v}(t)^3$ (where $A$ is a suitable constant) and apply the same arguments without loss of generality"
}

@misc{note4,
  note = "\textcolor{blue}{The difficulty is appreciated by considering the Betz equation, which ascribes cubic dependence for power extractable by the turbine ($P$) on wind speed ($v$): $P \sim v^3$. Through this relation, one sees $\langle \Delta P(\tau) \rangle \equiv \langle P(t+\tau) - P(t) \rangle \sim \langle (v(t+\tau)^3 - v(t)^3) \rangle \neq \langle [v(t+\tau) - v(t)]^3 \rangle$. It is not $\langle (v(t+\tau)^3 - v(t)^3) \rangle$, but $\langle [v(t+\tau) - v(t)]^3 \rangle$ which relates to Kolmogorov theory (K41). In K41, $\langle (\Delta v_{||}(r))^n \rangle \sim (\overline{\varepsilon}r)^{n/3}$, implying $\langle (\Delta v_{||}(r))2 \sim (\overline{\varepsilon}r)^{2/3}$ (equivalent to $E(k) \sim k^{-5/3}$). Applying Taylor's hypothesis (frozen turbulence assumption) and transforming to time (frequency) domain gives $\langle (\Delta v_{||}(\tau) \sim (\overline{\varepsilon}\tau)^{n/3}$.}"
}

@misc{note5,
  note = "The power spectrum relates to the 2nd order structure function, ($S_2(\tau) \sim \tau^{\alpha} \implies E(f) \sim f^{-(\alpha+1)}$)"
}

@misc{Paris,
  howpublished = "\url{http://www.paristechreview.com/2013/05/31/germany-energy-transition/}"
}

@misc{EIGRID,
  howpublished = "\url{http://www.eirgrid.com/operations/systemperformancedata/windgeneration/}"
}

@ARTICLE{Tennekes1975,
author  = "Tennekes, H.",
title   = "Eulerian and Lagrangian time microscales in isotropic turbulence",
journal = "J. Fluid. Mech.",
volume = "67",
pages = "561",
year = "1975"
}


@ARTICLE{Craig1936,
author  = "Craig, C.",
title   = "On the frequency function of xy",
journal = "Ann. Math. Stat.",
volume = "7",
pages = "1",
year = "1936"
}


@ARTICLE{Kuznetsov1992,
author  = "Kuznetsov, V. R. and Praskovsky, A. A. and Sabelnikov, V. A.",
title   = "Fine-scale turbulence structure of intermittent shear flows",
journal = "J. Fluid. Mech.",
volume = "243",
pages = "595",
year = "1992"
}


@ARTICLE{Larkin2009,
author  = "Larkin, J. and Bandi, M. M. and Pumir, A. and Goldburg, W. I.",
title   = "Power-law distributions of particle concentration in free-surface flows",
journal = "Phys. Rev. E.",
volume = "80",
pages = "066301",
year = "2009"
}


@ARTICLE{Chen2005,
author  = "Chen, S. Y. and Dhruva, B. and Kurien, S. and Sreenivasan, K. R. and Taylor, M. A.",
title   = "Anomalous scaling of low-order structure functions of turbulent velocity",
journal = "J. Fluid. Mech.",
volume = "533",
pages = "183",
year = "2005"
}


@ARTICLE{Bandi2009,
author  = "Bandi, M. M. and Chumakov, S. G. and Connaughton, C. P.",
title   = "Probability distribution of power fluctuations in turbulence",
journal = "Phys. Rev. E.",
volume = "80",
pages = "066301",
year = "2009"
}


@ARTICLE{Bandi2008,
author  = "Bandi, M. M. and Connaughton, C. P.",
title   = "Craig's XY-distribution and the statistics of Lagrangian power in two-dimensional turbulence",
journal = "Phys. Rev. E.",
volume = "77",
pages = "036318",
year = "2008"
}


@ARTICLE{Yeung2002,
author  = "Yeung, P. K. and Sawford, B. L.",
title   = "Random-sweeping hypothesis for passive scalars in isotropic turbulence",
journal = "J. Fluid. Mech.",
volume = "459",
pages = "129",
year = "2002"
}


@ARTICLE{Betz1919,
author  = "Betz, A.",
title   = "Schraubenpropeller mit geringstem Energieverlust. Mit einem Zusatz von l. Prandtl.",
journal = "Nachrichten von der Gesellschaft der Wissenschaften zu G{\"o}ttingen, Mathematisch-Physikalische Klasse",
volume = "",
pages = "193",
year = "1919"
}


@ARTICLE{Taylor,
author  = "Taylor, G. I.",
title   = "The spectrum of turbulence",
journal = "Proc. Roy.Soc. A",
volume = "151",
pages = "421",
year = "1935"
}


@ARTICLE{Weber2010,
author  = "Weber, C.",
title   = "Intraday market design to enable the integration of wind energy into the European power systems",
journal = "Energy Policy",
volume = "38",
pages = "3155",
year = "2010"
}


@ARTICLE{Wu2014,
author  = "Wu, J. and Zhang, B. and Li, Z. and Chen, Y. and Miao, X.",
title   = "Statistical distribution for wind power forecast error and its application to determine optimal size of energy storage system",
journal = "Elec. Pow. and Energy Syst.",
volume = "55",
pages = "100",
year = "2014"
}


@ARTICLE{Calif2013,
author  = "Calif, R. and Schmitt, R. and Huang, Y.",
title   = "Multifractal description of wind power fluctuations using arbitrary order Hilbert spectral analysis",
journal = "Physica A",
volume = "392",
pages = "4106",
year = "2013"
}


@ARTICLE{Calif2014,
author  = "Calif, R. and Schmitt, F. G. and Huang, Y.",
title   = "Multifractal and local correlation of simultaneous wind speed-power output from a single wind turbine",
journal = "Geophys. Res. Abstracts",
volume = "16",
pages = "15443",
year = "2014"
}


@ARTICLE{Bandi2006,
author  = "Bandi, M. M. and Cressman, J. R. and Pumir, A. and Goldburg, W. I.",
title   = "Energy flux fluctuations in a finite volume of turbulent flow",
journal = "Phys. Rev. E.",
volume = "73",
pages = "026308",
year = "2006"
}


@ARTICLE{K62,
author  = "Kolmogorov, A. N.",
title   = "A refinement of previous hypotheses concerning the local structure of turbulence in a viscous incompressible fluid at high Reynolds number",
journal = "J. Fluid Mech.",
volume = "13",
pages = "82",
year = "1962"
}


@ARTICLE{K41,
author  = "Kolmogorov, A. N..",
title   = "Dissipation of energy in locally isotropic turbulence",
journal = "Dokl. Akad. Nauk SSSR",
volume = "32",
pages = "16",
year = "1941"
}


@ARTICLE{Lange2005,
author  = "Lange, M.",
title   = "On the uncertainty of wind power predictions—Analysis of the forecast accuracy and statistical distribution of errors",
journal = "J. Sol. Energy Eng.",
volume = "127",
pages = "177",
year = "2005"
}


@ARTICLE{Barndorff-Nielsen1977,
author  = "Barndorff-Nielsen, O.",
title   = "Exponentially decreasing distributions for the logarithm of particle size",
journal = "Proc. Roy. Soc. Lond. Series A Math. and Phys. Sci.",
volume = "353",
pages = "401",
year = "1977"
}


@ARTICLE{Hodge2012a,
author  = "Hodge, B. -M. and Ela, E. G. and Milligan, M.",
title   = "Characterizing and modelling wind power forecast errors from operational systems for use in wind integration planning studies",
journal = "Wind Engg.",
volume = "23",
pages = "509",
year = "2012"
}


@ARTICLE{Bludszuweit2008,
author  = "Bludszuweit, H. and Dominguez-Navarro, J. A. and Llombart, A.",
title   = "Statistical analysis of wind power forecast error",
journal = "IEEE Trans. Power Syst.",
volume = "23",
pages = "983",
year = "2008"
}


@ARTICLE{Madsen2009,
author  = "Madsen, H. and Pinson, P. and Kariniotakis, G. and Nielsen, H. A. and Nielsen, T. S.",
title   = "Standardizing the performance evaluation of short-term wind power prediction models",
journal = "Wind Engg.",
volume = "29",
pages = "475",
year = "2009"
}


@ARTICLE{Wan2003,
author  = "Wan, Y. and Milligan, M. and Parsons, B.",
title   = "Output power correlation between adjacent wind power plants",
journal = "J. Solar Energy Engg.",
volume = "125",
pages = "551",
year = "2003"
}


@ARTICLE{Hodge2011,
author  = "Hodge, B.-M. and Milligan, M.",
title   = "Wind power forecasting error distributions over multiple timescales",
journal = "NREL Report No.: NREL/CP-5500-50614",
volume = "",
pages = "",
year = "2011"
}


@ARTICLE{Tande2000,
author  = "Tande, J. O. G.",
title   = "Exploitation of wind-energy resources in proximity to weak electricity grids",
journal = "Appl. Energy",
volume = "65",
pages = "395",
year = "2000"
}


@ARTICLE{Doherty2005,
author  = "Doherty, R. and O'Malley, M.",
title   = "A new approach to quantify reserve demand in systems with significant installed wind capacity",
journal = "IEEE Trans. Power Syst.",
volume = "20",
pages = "587",
year = "2005"
}


@ARTICLE{Mills2009,
author  = "Mills, A. and Wiser, R. and Milligan, M. and O'Malley, M.",
title   = "Comment on Air Emissions die towing and solar power",
journal = "Env. Sci. Tech.",
volume = "43",
pages = "6106",
year = "2009"
}

@ARTICLE{Fabbri2005,
author  = "Fabbri, A. and Gomez~San~Roman, T. and Abbad, R. and Quezada, V. H. M.",
title   = "Assessment of the cost associated with wind generation prediction errors in a liberalised electricity market",
journal = "IEEE Trans. Power Syst.",
volume = "20",
pages = "1440",
year = "2005"
}

@ARTICLE{Katul1994,
author  = "Katul, G. G. and Chu, C. R.",
title   = "Intermittency, local isotropy and non-Gaussian statistics in atmospheric surface layer turbulence",
journal = "Phys. Fluids",
volume = "6",
pages = "2480",
year = "1994"
}

@ARTICLE{Costa2008,
author  = "Costa, A. and Crespo, A. and Navarro, J. and Lizcano, G. and Madsen, H. and Feitosa, E.",
title   = "A review on the young history of the wind power short-term prediction",
journal = "Renew. Sustain. Energy Rev.",
volume = "12",
pages = "1725",
year = "2008"
}

@ARTICLE{Albadi2010,
author  = "Albadi, M. H. and El-Saadany, E. F.",
title   = "Overview of wind power intermittency impacts on power systems",
journal = "Electr. Pow. Syst. Res.",
volume = "80",
pages = "627",
year = "2010"
}

@ARTICLE{Milan2013,
author  = "Milan, P. and W{\"a}choler, M and Peinke, J.",
title   = "Turbulent character of Wind Energy",
journal = "Phys. Rev. Lett.",
volume = "110",
pages = "138701",
year = "2013"
}

@ARTICLE{Apt2007,
author  = "Apt, J.",
title   = "The spectrum of power from wind turbines",
journal = "J. Power Sources.",
volume = "169",
pages = "369",
year = "2007"
}

@ARTICLE{Katzenstein2010,
author  = "Katzenstein, W. and Fertig, E. and Apt, J.",
title   = "The variability of interconnected wind plants",
journal = "Energy Policy",
volume = "38",
pages = "4400",
year = "2010"
}

@Book{IPCC-Ch7,
author = {Wiser, R. and Yang, Z. and Hand, M. and Hohmeyer, O. and Infield, D. and Jensen, P. H. and Nikolaev, V. and O'Malley, M. and Sinden, G. and Zervos, A.},
title = {Wind Energy, In IPCC Special Report on Renewable Energy Sources and Climate Change Mitigation},
publisher = {Cambridge University Press, Cambridge, UK and New York, USA},
pages = {},
year = {2011},
type = {Book},
language = {English},
}


@Book{MacKay2009,
author = {MacKay, D. J. C.},
title = {Sustainable Energy - Without the Hot Air},
publisher = {UIT Cambridge Ltd., Cambridge, UK},
pages = {},
year = {2009},
type = {Book},
language = {English},
}


@Book{Levy,
author = {L{\'e}vy, P},
title = {Th{\'e}orie de l'addition des variables al{\'e}atoires},
publisher = {Gauthier Villars, Paris},
pages = {},
year = {1954},
type = {Book},
language = {English},
}

@Book{Samorodnitsky1994,
author = {Samorodnitsky, G. and Taqqu, M. S.},
title = {Stable Non-Gaussian Random Processes},
publisher = {Chapman and Hill, New York},
pages = {},
year = {1994},
type = {Book},
language = {English},
}

@Book{Hodge2012b,
author = {Hodge, B. -M. and Lew, D. and Milligan, M. and Holttinen, H. and Sillanp{\"a}{\"a}, S .and G{\'o}mez-L{\'a}zaro, E. and Scharff, R. and S{\''o}der, L. and Lars{\'e}n, X. G. and Giebel, G. and Flynn, D. and Dobschinski, J.},
title = {Wind power forecasting error distributions: An international comparison},
publisher = {National Renewable Energy Laboratory, Tech. Rep},
pages = {},
year = {2012},
type = {Book},
language = {English},
}

@Book{Frisch,
author = {Frisch, U.},
title = {Turbulence: The legacy of A. N. Kolmogorov},
publisher = {Cambridge University Press, UK},
pages = {},
year = {1995},
type = {Book},
language = {English},
}

@Book{Mandelbrot2004,
author = {Mandelbrot, B. and Hudson, R. L.},
title = {The misbehaviour of markets: A fractal view of financial turbulence},
publisher = {Basic Books, New York},
pages = {},
year = {2004},
type = {Book},
language = {English},
}
@ARTICLE{Bel2013,
author  = "Bel, G. and Ashkenazy, Y.",
title   = "The relation between the temporal correlations of the wind and the statistics of open ocean currents",
journal = "New Journal of Physics",
volume = "15",
pages = "053024",
year = "2013"
}